<?xml version="1.0" encoding="UTF-8"?><record xmlns="http://www.loc.gov/MARC21/slim" xmlns:cinclude="http://apache.org/cocoon/include/1.0" xmlns:zs="http://www.loc.gov/zing/srw/">
  <leader>00367nz  a2200121n  4500</leader>
  <controlfield tag="001">n  00107522 </controlfield>
  <controlfield tag="003">DLC</controlfield>
  <controlfield tag="005">20000911130324.0</controlfield>
  <controlfield tag="008">000911n| acannaabn          |n aaa      </controlfield>
  <datafield tag="010" ind1=" " ind2=" ">
    <subfield code="a">n  00107522 </subfield>
  </datafield>
  <datafield tag="040" ind1=" " ind2=" ">
    <subfield code="a">DLC</subfield>
    <subfield code="b">eng</subfield>
    <subfield code="c">DLC</subfield>
  </datafield>
  <datafield tag="100" ind1="1" ind2=" ">
    <subfield code="a">Kern, Russell</subfield>
  </datafield>
  <datafield tag="670" ind1=" " ind2=" ">
    <subfield code="a">Kern, Russell. Sure-fire direct response advertising, 2001:</subfield>
    <subfield code="b">CIP t.p. (Russell Kern) copyr. p. (Russell M. Kern)</subfield>
  </datafield>
</record>